@ARTICLE{Min40,
  author = {Min,F.Gibou},
  title = {A second order accurate level set method on non-graded adaptive Cartesian grids},
  journal = {J.Comput.Phys},
  year = {2007},
  volume = {225},
  pages = {300--321},
}

@ARTICLE{Min41,
  author = {Min,F.Gibou},
  title = {Geometric integration over irregular domains with application to level set methods},
  journal = {J.Comput.Phys},
  year = {2007},
  volume = {226},
  pages = {1432--1443},
}
@ARTICLE{Min42,
  author = {Min,F.Gibou},
  title = {Robust second-order accurate discretizations of the multi-dimensional Heaviside and Dirac delta funvtions },
  journal = {J.Comput.Phys},
  year = {2008},
  volume = {227},
  pages = {9686--9695},
}

@article{Osher21,
  title={Fronts propageting with curvature-dependent speed:algorithms based on Hamilton-Jacobi formulations},
  author={S.Osher,J.A.Sethian},
  journal={J.Comput.Phys},
  volume={79},
  pages={12--49},
  year={1988},
}
